<?xml version="1.0" encoding="UTF-8"?><collection xmlns="http://www.loc.gov/MARC21/slim"><record><leader>00297nam--2200121-i-4500</leader><controlfield tag="001">000047076</controlfield><controlfield tag="002">20161230</controlfield><controlfield tag="005">20161230201046</controlfield><controlfield tag="008">060222s1000------------r-----000-0-eng-d</controlfield><datafield ind1=" " ind2=" " tag="100"><subfield code="a">Vrteli,George</subfield></datafield><datafield ind1=" " ind2=" " tag="245"><subfield code="a">Industrializarea socialista in rpr</subfield></datafield><datafield ind1=" " ind2=" " tag="260"><subfield code="a">Bucuresti, Ed.St.,1959. 174 P</subfield></datafield><datafield ind1=" " ind2=" " tag="852"><subfield code="a">6392</subfield></datafield></record></collection>